@book{latexcompanion,
    author    = "Michel Goossens and Frank Mittelbach and Alexander Samarin",
    title     = "The \LaTeX\ Companion",
    year      = "1993",
    publisher = "Addison-Wesley",
    address   = "Reading, Massachusetts",
}
@book{kernighanAndRitchie,
    author    = "Brian Kernighan and Dennis M. Ritchie",
    title     = "The C Programming Language",
    year      = "1978",
    publisher = "Prentice Hall",
    address   = "Englewood Cliffs, NJ",
    ISBN      = "0-13-110163-3",
}
